<?xml version="1.0" encoding="UTF-8"?><collection xmlns="http://www.loc.gov/MARC21/slim"><record><leader>00472nam--2200133-i-4500</leader><controlfield tag="001">000016111</controlfield><controlfield tag="002">20161230</controlfield><controlfield tag="005">20161230201031</controlfield><controlfield tag="008">060222s1000------------r-----000-0-eng-d</controlfield><datafield ind1=" " ind2=" " tag="080"><subfield code="a">621.31(043)</subfield></datafield><datafield ind1=" " ind2=" " tag="100"><subfield code="a">Boukheir, M. Sami</subfield></datafield><datafield ind1=" " ind2=" " tag="245"><subfield code="a">Contribution a l1etude de la regulation de la vitesse des regimes transitoires dans les mote urs a courant continu alimentes par un redress eur controle. these</subfield></datafield><datafield ind1=" " ind2=" " tag="260"><subfield code="a">Toulouse, L`Universite De Toulouse, 1967 185 P</subfield></datafield><datafield ind1=" " ind2=" " tag="852"><subfield code="a">76747</subfield></datafield></record></collection>